@misc{Wi-Fi_History, title={History}, url={https://www.wi-fi.org/who-we-are/history}, journal={WiFi History}, publisher={WiFi Alliance}},
@misc{About_Espressif, title={Who We Are}, url={https://www.espressif.com/en/company/about-us/who-we-are}, journal={who we are new Espressif Systems}},
@misc{Espressif_Milestones, title={Milestones Espressif Systems}, url={https://www.espressif.com/en/company/about-us/milestones}, journal={Milestones Espressif Systems}},